Scopus
EXPORT DATE: 27 September 2020

@ARTICLE{Ovalle2020,
    author={Ovalle, C. and Linero, S. and Dano, C. and Bard, E. and Hicher, P.-Y. and Osses, R.},
    title={Data Compilation from Large Drained Compression Triaxial Tests on Coarse Crushable Rockfill Materials},
    journal={Journal of Geotechnical and Geoenvironmental Engineering},
    year={2020},
    volume={146},
    number={9},
    doi={10.1061/(ASCE)GT.1943-5606.0002314},
}

@ARTICLE{Al-Hussaini1983706,
author={Al-Hussaini, Mosaid},
title={EFFECT OF PARTICLE SIZE AND STRAIN CONDITIONS ON THE STRENGTH OF CRUSHED BASALT.},
journal={Canadian geotechnical journal},
year={1983},
volume={20},
number={4},
pages={706-717},
doi={10.1139/t83-077},
note={cited By 13},
}

@ARTICLE{Alonso2016455,
author={Alonso, E.E. and Romero, E.E. and Ortega, E.},
title={Yielding of rockfill in relative humidity-controlled triaxial experiments},
journal={Acta Geotechnica},
year={2016},
volume={11},
number={3},
pages={455-477},
doi={10.1007/s11440-016-0437-9},
note={cited By 25},
}

@BOOK{Bard201383,
author={Bard, E. and Anabalón, M.E. and Campaña, J.},
title={Waste Rock Behavior at High Pressures: Dimensioning High Waste Rock Dumps},
journal={Multiscale Geomechanics},
year={2013},
pages={83-112},
doi={10.1002/9781118601433.ch4},
note={cited By 4},
}

@ARTICLE{Barton1981873,
author={Barton, Nick and Kjaernsli, Bjorn},
title={SHEAR STRENGTH OF ROCKFILL},
journal={Journal of the Geotechnical Engineering Division},
year={1981},
volume={107},
number={7},
pages={873-891},
note={cited By 98},
}

@ARTICLE{Becker1972,
author={Becker, E. and Chan, C.K. and Seed, H.B.},
title={Strength and deformation characteristics of rockfill materials in plane strain and triaxial compression tests},
journal={Strength and Deformation Characteristics of Rockfill Materials in Plane Strain and Triaxial Compression Tests},
year={1972},
note={cited By 32},
}

@ARTICLE{Besio2012,
author={Besio, G.},
journal={Uso Del Método de Curvas Homotéticas en la Representación de Ensayos Monotónicos y Cíclicos en Suelos Gruesos},
year={2012},
note={cited By 1},
}

@ARTICLE{Biarez19941,
author={Biarez, J. and Hicher, P.Y.},
journal={Elementary Mechanics of Soil Behaviour},
year={1994},
pages={1-208},
note={cited By 240},
}

@ARTICLE{Biarez1997607,
author={Biarez, J. and Hicher, P.Y.},
title={Influence de la granulométrie et de son évolution par ruptures de grains sur le comportement mécanique de matériaux granulaires},
journal={Revue Française de Génie Civil},
year={1997},
volume={1},
number={4},
pages={607-631},
note={cited By 50},
}

@ARTICLE{Bolton198665,
author={Bolton, M.D.},
title={The strength and dilatancy of sands},
journal={Geotechnique},
year={1986},
volume={36},
number={1},
pages={65-78},
doi={10.1680/geot.1986.36.1.65},
note={cited By 1611},
}

@ARTICLE{Charles1980353,
author={Charles, J.A. and Watts, K.S.},
title={The influence of confining pressure on the shear strength of compacted rockfill},
journal={Geotechnique},
year={1980},
volume={30},
number={4},
pages={353-367},
doi={10.1680/geot.1980.30.4.353},
note={cited By 227},
}

@ARTICLE{Chávez2003215,
author={Chávez, C. and Alonso, E.E.},
title={A constitutive model for crushed granular aggregates which includes suction effects},
journal={Soils and Foundations},
year={2003},
volume={43},
number={4},
pages={215-227},
doi={10.3208/sandf.43.4_215},
note={cited By 83},
}

@ARTICLE{Contreras2011,
author={Contreras, L.},
journal={Comportamiento Friccionante de Materiales Granulares Gruesos},
year={2011},
note={cited By 1},
}

@ARTICLE{Coop2004157,
author={Coop, M.R. and Sorensen, K.K. and Freitas, T.B. and Georgoutsos, G.},
title={Particle breakage during shearing of a carbonate sand},
journal={Geotechnique},
year={2004},
volume={54},
number={3},
pages={157-163},
doi={10.1680/geot.2004.54.3.157},
note={cited By 369},
}

@BOOK{Dano201895,
author={Dano, C. and Ovalle, C. and Yin, Z.-Y. and Daouadji, A. and Hicher, P.-Y.},
title={Behavior of Granular Materials Affected by Grain Breakage},
journal={Advances in Multi-Physics and Multi-Scale Couplings in Geo-Environmental Mechanics},
year={2018},
pages={95-132},
doi={10.1016/B978-1-78548-278-6.50004-9},
note={cited By 3},
}

@ARTICLE{Daouadji2001113,
author={Daouadji, A. and Hicher, P.-Y. and Rahma, A.},
title={Elastoplastic model for granular materials taking into account grain breakage},
journal={European Journal of Mechanics, A/Solids},
year={2001},
volume={20},
number={1},
pages={113-137},
doi={10.1016/S0997-7538(00)01130-X},
note={cited By 129},
}

@ARTICLE{DelaHozAlvarez2007,
author={De la Hoz Alvarez, K.},
title={Estimación de los parámetros de resistencia al corte en suelos granulares gruesos},
journal={Estimación de Los Parámetros de Resistencia Al Corte en Suelos Granulares Gruesos},
year={2007},
note={cited By 7},
}

@ARTICLE{Dorador2010,
author={Dorador, L.},
journal={Análisis Experimental de Las Metodologías de Curvas Homotéticas y Corte en la Evaluación de Propiedades Geotécnicas de Suelos},
year={2010},
note={cited By 1},
}

@ARTICLE{Estaire200673,
author={Estaire, J. and Olalla, C.},
title={Análisis de la resistencia de escolleras mediante ensayos de corte directo en caja de 1 x 1 m},
journal={Ingeniería Civil},
year={2006},
volume={144},
pages={73-79},
note={cited By 4},
}

@ARTICLE{Frossard2012415,
author={Frossard, E. and Hu, W. and Dano, C. and Hicher, P.-Y.},
title={Rockfill shear strength evaluation: A rational method based on size effects},
journal={Geotechnique},
year={2012},
volume={62},
number={5},
pages={415-427},
doi={10.1680/geot.10.P.079},
note={cited By 87},
}

@ARTICLE{Hardin19851177,
author={Hardin, B.O.},
title={Crushing of soil particles},
journal={Journal of Geotechnical Engineering},
year={1985},
volume={111},
number={10},
pages={1177-1192},
doi={10.1061/(ASCE)0733-9410(1985)111:10(1177)},
note={cited By 785},
}

@ARTICLE{Holtz19561,
author={Holtz, W.G. and Gibbs, H.J.},
title={Triaxial shear tests on pervious gravelly soils},
journal={J. Soil Mech. and Found. Div.},
year={1956},
volume={82},
number={1},
pages={1-22},
note={cited By 94},
}

@ARTICLE{Hu2011,
author={Hu, W. and Dano, C. and Hicher, P.-Y. and Le Touzo, J.-Y. and Derkx, F. and Merliot, E.},
title={Effect of sample size on the behavior of granular materials},
journal={Geotechnical Testing Journal},
year={2011},
volume={34},
number={3},
doi={10.1520/GTJ103095},
note={cited By 34},
}

@ARTICLE{Hunter2003909,
author={Hunter, G. and Fell, R.},
title={Rockfill modulus and settlement of concrete face rockfill dams},
journal={Journal of Geotechnical and Geoenvironmental Engineering},
year={2003},
volume={129},
number={10},
pages={909-917},
doi={10.1061/(ASCE)1090-0241(2003)129:10(909)},
note={cited By 76},
}

@ARTICLE{Indraratna1998439,
author={Indraratna, B. and Ionescu, D. and Christie, H.D.},
title={Shear behavior of railway ballast based on large-scale triaxial tests},
journal={Journal of Geotechnical and Geoenvironmental Engineering},
year={1998},
volume={124},
number={5},
pages={439-449},
doi={10.1061/(ASCE)1090-0241(1998)124:5(439)},
note={cited By 297},
}

@ARTICLE{Indraratna1994539,
author={Indraratna, B. and Wijewardena, L.S.S. and Balasubramaniam, A.S.},
title={Large-scale triaxial testing of greywacke rockfill},
journal={Geotechnique},
year={1994},
volume={44},
number={3},
pages={539-543},
doi={10.1680/geot.1994.44.3.539},
note={cited By 3},
}

@ARTICLE{Kermani2018,
author={Kermani, M. and Konrad, J.-M. and Smith, M.},
title={In situ short-term and long-term rockfill compressibility as a function of void ratio and strength of parent rock},
journal={Journal of Geotechnical and Geoenvironmental Engineering},
year={2018},
volume={144},
number={4},
doi={10.1061/(ASCE)GT.1943-5606.0001835},
art_number={04018009},
note={cited By 2},
}

@ARTICLE{Lade1996309,
author={Lade, P.V. and Yamamuro, J.A. and Bopp, P.A.},
title={Significance of particle crushing in granular materials},
journal={Journal of Geotechnical Engineering},
year={1996},
volume={122},
number={4},
pages={309-316},
doi={10.1061/(asce)0733-9410(1996)122:4(309)},
art_number={9927},
note={cited By 468},
}

@ARTICLE{Lee1992,
author={Lee, D.M.},
title={The angles of friction of granular fills},
journal={The Angles of Friction of Granular Fills},
year={1992},
note={cited By 80},
}

@ARTICLE{Lee1967117,
author={Lee, K.L. and Seed, H.B.},
title={Drained strength characteristics of sands},
journal={Journal of Soil Mechanics and Foundation Division},
year={1967},
volume={93},
number={SM6},
pages={117-141},
note={cited By 319},
}

@ARTICLE{Leps19701159,
author={Leps, T.M.},
title={Review of shearing strength of rockfill},
journal={Journal of the Soil Mechanics and Foundations Division},
year={1970},
volume={96},
number={SM4},
pages={1159-1170},
note={cited By 116},
}

@ARTICLE{Leussink1960,
author={Leussink, H.},
journal={Bau Eines Grossen Dreiaxialen Shergerätes Zur Untersuchung Grobkörniger Erdstoffe (Design of A Large Triaxial Shear Apparatus for Investigating Coarse Grained Soils)},
year={1960},
volume={1},
note={cited By 1},
}

@ARTICLE{Lim2004229,
author={Lim, W.L. and McDowell, G.R. and Collop, A.C.},
title={The application of Weibull statistics to the strength of railway ballast},
journal={Granular Matter},
year={2004},
volume={6},
number={4},
pages={229-237},
doi={10.1007/s10035-004-0180-z},
note={cited By 68},
}

@ARTICLE{Linero200759,
author={Linero, S. and Palma, C. and Apablaza, R.},
title={Geotechnical characterization of waste material in very high dumps with large scale triaxial testing},
journal={Proceedings of International Symposium on Rock Slope Stability in Open Pit Mining and Civil Engineering},
year={2007},
pages={59-75},
note={cited By 10},
}

@ARTICLE{Lo197361,
author={Lo, K.Y. and Roy, M.},
title={Response of particulate materials at high pressures},
journal={Soils and Foundations},
year={1973},
volume={13},
number={1},
pages={61-76},
note={cited By 38},
}

@ARTICLE{Marachi1969,
author={Marachi, N.D. and Chan, C.K. and Seed, H.B. and Duncan, J.M.},
title={Strength and deformation characteristics of rockfill materials},
journal={Strength and Deformation Characteristics of Rockfill Materials},
year={1969},
note={cited By 115},
}

@ARTICLE{Marsal196727,
author={Marsal, R.J.},
title={Large scale testing of rockfill materials},
journal={Journal of Soil Mechanics Foundation Division},
year={1967},
volume={93},
number={SM2},
pages={27-43},
note={cited By 463},
}

@ARTICLE{Marsal1973109,
author={Marsal, R.J.},
title={Mechanical properties of rockfill},
journal={Mechanical Properties of Rockfill},
year={1973},
pages={109-200},
note={cited By 58},
}

@ARTICLE{Marsal1965,
author={Marsal, R.J. and Moreno, E. and Núñez, A. and Cuéllar, R. and Moreno, R.},
journal={Research on the Behaviour of Granular Materials and Rockfill Samples},
year={1965},
note={cited By 7},
}

@ARTICLE{Matsuoka1998275,
author={Matsuoka, H. and Liu, S.},
title={Simplified direct box shear test on granular materials and its application to rockfill materials},
journal={Soils and Foundations},
year={1998},
volume={38},
number={4},
pages={275-284},
doi={10.3208/sandf.38.4_275},
note={cited By 23},
}

@ARTICLE{Matsuoka200192,
author={Matsuoka, H. and Liu, S. and Sun, D. and Nishikata, U.},
title={Development of a New In-Situ Direct Shear Test},
journal={Geotechnical Testing Journal},
year={2001},
volume={24},
number={1},
pages={92-102},
doi={10.1520/gtj11285j},
note={cited By 29},
}

@ARTICLE{Nakata1999567,
author={Nakata, Y. and Hyde, A.F.L. and Hyodo, M. and Murata, H.},
title={A probabilistic approach to sand particle crushing in the triaxial test},
journal={Geotechnique},
year={1999},
volume={49},
number={5},
pages={567-583},
doi={10.1680/geot.1999.49.5.567},
note={cited By 265},
}

@ARTICLE{Oldecop2003289,
author={Oldecop, L.A. and Alonso, E.E.},
title={Suction effects on rockfill compressibility},
journal={Geotechnique},
year={2003},
volume={53},
number={2},
pages={289-292},
doi={10.1680/geot.2003.53.2.289},
note={cited By 58},
}

@ARTICLE{Ovalle2013,
author={Ovalle, C.},
journal={Contribution àl’étude De La Rupture Des Grains Dans Les matériaux Granulaires},
year={2013},
note={cited By 7},
}

@ARTICLE{Ovalle2018161,
author={Ovalle, C.},
title={Role of particle breakage in primary and secondary compression of wet and dry sand},
journal={Geotechnique Letters},
year={2018},
volume={8},
number={2},
pages={161-164},
doi={10.1680/jgele.18.00047},
note={cited By 6},
}

@ARTICLE{Ovalle20201,
author={Ovalle, C. and Dano, C.},
title={Effects of particle size-strength and size-shape correlations on parallel grading scaling},
journal={Geotech. Lett},
year={2020},
volume={10},
number={2},
pages={1-7},
note={cited By 3},
}

@ARTICLE{Ovalle2013123,
author={Ovalle, C. and Dano, C. and Hicher, P.-Y.},
title={Experimental data highlighting the role of surface fracture energy in quasi-static confined comminution},
journal={International Journal of Fracture},
year={2013},
volume={182},
number={1},
pages={123-130},
doi={10.1007/s10704-013-9833-4},
note={cited By 24},
}

@ARTICLE{Ovalle2015587,
author={Ovalle, C. and Dano, C. and Hicher, P.-Y. and Cisternas, M.},
title={Experimental framework for evaluating the mechanical behavior of dry and wet crushable granular materials based on the particle breakage ratio},
journal={Canadian Geotechnical Journal},
year={2015},
volume={52},
number={5},
pages={587-598},
doi={10.1139/cgj-2014-0079},
note={cited By 46},
}

@ARTICLE{Ovalle20142199,
author={Ovalle, C. and Frossard, E. and Dano, C. and Hu, W. and Maiolino, S. and Hicher, P.-Y.},
title={The effect of size on the strength of coarse rock aggregates and large rockfill samples through experimental data},
journal={Acta Mechanica},
year={2014},
volume={225},
number={8},
pages={2199-2216},
doi={10.1007/s00707-014-1127-z},
note={cited By 65},
}

@ARTICLE{Ovalle2020487,
author={Ovalle, C. and Hicher, P.-Y.},
title={Modeling the effect of wetting on the mechanical behavior of crushable granular materials},
journal={Geoscience Frontiers},
year={2020},
volume={11},
number={2},
pages={487-494},
doi={10.1016/j.gsf.2019.06.009},
note={cited By 2},
}

@ARTICLE{Ovalle20162383,
author={Ovalle, C. and Voivret, C. and Dano, C. and Hicher, P.-Y.},
title={Population balance in confined comminution using a physically based probabilistic approach for polydisperse granular materials},
journal={International Journal for Numerical and Analytical Methods in Geomechanics},
year={2016},
volume={40},
number={17},
pages={2383-2397},
doi={10.1002/nag.2534},
note={cited By 7},
}

@ARTICLE{Palma2009201,
author={Palma, C. and Linero, S. and Apablaza, R.},
title={Caracterización geotécnica de materiales de lastre en botaderos de gran altura mediante ensayos triaxiales y odométricos de gran tamaño},
journal={Proc. Desafíos y Avances de la Geotecnia Joven en Sudamérica, Memorias de la III Conferencia Sudamericana de Ingenieros Geotécnicos Jóvenes},
year={2009},
pages={201-204},
note={cited By 2},
}

@ARTICLE{Raymond1978737,
author={Raymond, Gerald P. and Davies, John R.},
title={TRIAXIAL TESTS ON DOLOMITE RAILROAD BALLAST},
journal={ASCE J Geotech Eng Div},
year={1978},
volume={104},
number={6},
pages={737-751},
note={cited By 36},
}

@ARTICLE{Schanz1996145,
author={Schanz, T. and Vermeer, P.A.},
title={Angles of friction and dilatancy of sand},
journal={Geotechnique},
year={1996},
volume={46},
number={1},
pages={145-151},
doi={10.1680/geot.1996.46.1.145},
note={cited By 156},
}

@ARTICLE{Schanz1998383,
author={Schanz, T. and Vermeer, P.A.},
title={On the stiffness of sands},
journal={Geotechnique},
year={1998},
volume={48},
pages={383-387},
note={cited By 65},
}

@BOOK{Schanz1999281,
author={Schanz, T. and Vermeer, P.A. and Bonnier, P.G.},
title={The hardening soil model: Formulation and verification},
journal={Beyond 2000 in computational geotechnics. Ten Years of PLAXIS International. Proceedings of the international symposium, Amsterdam, March 1999.},
year={1999},
pages={281-296},
note={cited By 553},
}

@ARTICLE{Varadarajan2003206,
author={Varadarajan, A. and Sharma, K.G. and Venkatachalam, K. and Gupta, A.K.},
title={Testing and modeling two rockfill materials},
journal={Journal of Geotechnical and Geoenvironmental Engineering},
year={2003},
volume={129},
number={3},
pages={206-218},
doi={10.1061/(ASCE)1090-0241(2003)129:3(206)},
note={cited By 227},
}

@ARTICLE{Verdugo2007243,
author={Verdugo, R. and De La Hoz, K.},
title={Strength and stiffness of coarse granular soils},
journal={Solid Mechanics and its Applications},
year={2007},
volume={146},
pages={243-252},
doi={10.1007/978-1-4020-6146-2_9},
note={cited By 17},
}

@ARTICLE{Vesic1968661,
author={Vesic, A.S. and Clough, G.W.},
title={Behavior of granular materials under high stresses},
journal={J. Soil Mech. Found. Div.},
year={1968},
volume={94},
number={SM3},
pages={661-688},
note={cited By 292},
}

@ARTICLE{Weibull19391,
author={Weibull, W.},
title={A statistical theory of the strength of materials},
journal={Ing. Vetenskaps Akad. Handl.},
year={1939},
volume={151},
number={151},
pages={1-45},
note={cited By 1996},
}

@ARTICLE{Xiao20171,
author={Xiao, Y. and Liu, H.},
title={Elastoplastic constitutive model for rockfill materials considering particle breakage},
journal={International Journal of Geomechanics},
year={2017},
volume={17},
number={1},
pages={1-13},
doi={10.1061/(ASCE)GM.1943-5622.0000681},
note={cited By 126},
}

@ARTICLE{Xiao2014a,
author={Xiao, Y. and Liu, H. and Chen, Y. and Jiang, J.},
title={Strength and deformation of rockfill material based on large-scale triaxial compression tests. I: Influences of density and pressure},
journal={Journal of Geotechnical and Geoenvironmental Engineering},
year={2014},
volume={140},
number={12},
doi={10.1061/(ASCE)GT.1943-5606.0001176},
art_number={04014070},
note={cited By 71},
}

@ARTICLE{Xiao2014b,
author={Xiao, Y. and Liu, H. and Chen, Y. and Jiang, J.},
title={Strength and deformation of rockfill material based on large-scale triaxial compression tests. II: Influence of particle breakage},
journal={Journal of Geotechnical and Geoenvironmental Engineering},
year={2014},
volume={140},
number={12},
doi={10.1061/(ASCE)GT.1943-5606.0001177},
art_number={04014071},
note={cited By 46},
}

@ARTICLE{Xiao2016,
author={Xiao, Y. and Liu, H. and Desai, C.S. and Sun, Y. and Liu, H.},
title={Effect of intermediate principal-stress ratio on particle breakage of rockfill material},
journal={Journal of Geotechnical and Geoenvironmental Engineering},
year={2016},
volume={142},
number={4},
doi={10.1061/(ASCE)GT.1943-5606.0001433},
art_number={06015017-1},
note={cited By 89},
}

@ARTICLE{Yamamuro1996109,
author={Yamamuro, J.A. and Lade, P.V.},
title={Drained sand behavior in axisymmetric tests at high pressures},
journal={Journal of Geotechnical and Geoenvironmental Engineering},
year={1996},
volume={122},
number={2},
pages={109-119},
doi={10.1061/(ASCE)0733-9410(1996)122:2(109)},
note={cited By 124},
}

@ARTICLE{Yin2017,
author={Yin, Z.-Y. and Hicher, P.-Y. and Dano, C. and Jin, Y.-F.},
title={Modeling mechanical behavior of very coarse granular materials},
journal={Journal of Engineering Mechanics},
year={2017},
volume={143},
number={1},
doi={10.1061/(ASCE)EM.1943-7889.0001059},
art_number={C4016006},
note={cited By 76},
}
